JournalCode;JournalLib;EcritureNum;EcritureDate;CompteNum;CompteLib;CompAuxNum;CompAuxLib;PieceRef;PieceDate;EcritureLib;Debit;Credit;EcritureLet;DateLet;ValidDate;Montantdevise;Idevise
BQ;BANQUE;1;20240101;512100;BANQUE;;;VIR001;20240101;VIREMENT CLIENT ABC;1500,00;;;;;;
BQ;BANQUE;1;20240101;411000;CLIENTS;C001;CLIENT ABC SARL;VIR001;20240101;VIREMENT CLIENT ABC;;1500,00;;;;;
BQ;BANQUE;2;20240102;512100;BANQUE;;;CHQ001;20240102;CHEQUE FOURNISSEUR;;750,00;;;;;
BQ;BANQUE;2;20240102;401000;FOURNISSEURS;F001;FOURNISSEUR XYZ;CHQ001;20240102;CHEQUE FOURNISSEUR;750,00;;;;;;
BQ;BANQUE;3;20240103;512100;BANQUE;;;VIR002;20240103;VIREMENT SALAIRES;;2200,00;;;;;
BQ;BANQUE;3;20240103;421000;PERSONNEL;;;VIR002;20240103;VIREMENT SALAIRES;2200,00;;;;;;